<?xml version="1.0" encoding="UTF-8"?><collection xmlns="http://www.loc.gov/MARC21/slim"><record><leader>00385nam--2200133-i-4500</leader><controlfield tag="001">000037827</controlfield><controlfield tag="002">20161230</controlfield><controlfield tag="005">20161230201041</controlfield><controlfield tag="008">060222s1000------------r-----000-0-eng-d</controlfield><datafield ind1=" " ind2=" " tag="080"><subfield code="a">539.12</subfield></datafield><datafield ind1=" " ind2=" " tag="100"><subfield code="a">Ranft, G</subfield></datafield><datafield ind1=" " ind2=" " tag="245"><subfield code="a">Spin and parity analysis of the (   )and (   ) sistem produced according to the double regge model</subfield></datafield><datafield ind1=" " ind2=" " tag="260"><subfield code="a">Leipzig, Karl-marx-univ., 1970, 9p</subfield></datafield><datafield ind1=" " ind2=" " tag="852"><subfield code="a">32760</subfield></datafield></record></collection>